<collection xmlns="http://www.loc.gov/MARC21/slim"><record><leader>00798nam  2200241   450</leader><controlfield tag="001">332</controlfield><controlfield tag="003">http://montalegre.opacnet.com/OPAC/default.aspx?ContentAreaControl=ShowRegHoldings.ascx&amp;RegNo=16662</controlfield><datafield tag="021" ind1=" " ind2=" "><subfield code="a">PT</subfield><subfield code="b">23420/88</subfield></datafield><datafield tag="095" ind1=" " ind2=" "><subfield code="a">PTBN00130429</subfield></datafield><datafield tag="100" ind1=" " ind2=" "><subfield code="a">20061013d1988    km y0pora010305  ba</subfield></datafield><datafield tag="101" ind1="1" ind2=" "><subfield code="a">por</subfield><subfield code="c">eng</subfield></datafield><datafield tag="102" ind1=" " ind2=" "><subfield code="a">PT</subfield></datafield><datafield tag="200" ind1="1" ind2=" "><subfield code="a">Capriccio</subfield><subfield code="f">John Fowles</subfield><subfield code="g">trad. Manuela Barreto e Maria Georgina Segurado</subfield></datafield><datafield tag="210" ind1=" " ind2=" "><subfield code="a">Lisboa</subfield><subfield code="c">Edições 70</subfield><subfield code="d">1988</subfield></datafield><datafield tag="215" ind1=" " ind2=" "><subfield code="a">454, [1] p.</subfield><subfield code="d">24 cm</subfield></datafield><datafield tag="225" ind1="2" ind2=" "><subfield code="a">Caligrafias</subfield><subfield code="v">8</subfield></datafield><datafield tag="304" ind1=" " ind2=" "><subfield code="a">Tít. orig. : A maggot</subfield></datafield><datafield tag="675" ind1=" " ind2=" "><subfield code="a">821</subfield><subfield code="v">BN</subfield><subfield code="z">por</subfield></datafield><datafield tag="700" ind1=" " ind2="1"><subfield code="a">Fowles</subfield><subfield code="b">John</subfield><subfield code="f">1926-</subfield></datafield><datafield tag="702" ind1=" " ind2="1"><subfield code="a">Barreto</subfield><subfield code="b">Maria Manuela Ramalhinho</subfield><subfield code="4">730</subfield></datafield><datafield tag="702" ind1=" " ind2="1"><subfield code="a">Segurado</subfield><subfield code="b">Maria Georgina</subfield><subfield code="4">730</subfield></datafield><datafield tag="801" ind1=" " ind2="0"><subfield code="a">PT</subfield><subfield code="b">Biblioteca Municipal de Montalegre</subfield><subfield code="g">RPC</subfield></datafield><datafield tag="856" ind1=" " ind2=" "><subfield code="u">locateMedia.asp?cod=20060511152955&amp;ext=jpg</subfield><subfield code="z">CAPA</subfield></datafield><datafield tag="909" ind1="&#9;" ind2=" "><subfield code="a">1</subfield></datafield><datafield tag="966" ind1=" " ind2=" "><subfield code="a">0008862</subfield><subfield code="l">BMM</subfield><subfield code="s">SCG 821 FOW cap 8</subfield></datafield></record></collection>